% Encoding: UTF-8

@Software{pyriemann,
  author    = {Alexandre Barachant and Quentin Barthélemy and Jean-Rémi King and Alexandre Gramfort and Sylvain Chevallier and Pedro L. C. Rodrigues and Emanuele Olivetti and Vladislav Goncharenko and Gabriel Wagner vom Berg and Ghiles Reguig and Arthur Lebeurrier and Erik Bjäreholt and Maria Sayu Yamamoto and Pierre Clisson and Marie-Constance Corsi},
  doi       = {10.5281/zenodo.7547583},
  month     = jul,
  publisher = {Zenodo},
  title     = {pyRiemann/pyRiemann: v0.3},
  url       = {https://doi.org/10.5281/zenodo.7547583},
  version   = {v0.3},
  year      = {2022},
}

@Misc{https://doi.org/10.48550/arxiv.2206.12037,
  author    = {Gu, Albert and Johnson, Isys and Timalsina, Aman and Rudra, Atri and Ré, Christopher},
  title     = {How to Train Your HiPPO: State Space Models with Generalized Orthogonal Basis Projections},
  year      = {2022},
  copyright = {arXiv.org perpetual, non-exclusive license},
  doi       = {10.48550/ARXIV.2206.12037},
  keywords  = {Machine Learning (cs.LG), FOS: Computer and information sciences, FOS: Computer and information sciences},
  publisher = {arXiv},
}

@Article{LopezRincon2016,
  author    = {Lopez Rincon, Alejandro and Shimoda, Shingo},
  journal   = {Journal of Neuroscience Methods},
  title     = {The inverse problem in electroencephalography using the bidomain model of electrical activity},
  year      = {2016},
  issn      = {0165-0270},
  month     = dec,
  pages     = {94--105},
  volume    = {274},
  doi       = {10.1016/j.jneumeth.2016.09.011},
  publisher = {Elsevier BV},
}

@Article{Yang2021,
  author    = {Yang, Fan and Chowdhury, Samadrita Roy and Jacobs, Heidi I.L. and Sepulcre, Jorge and Wedeen, Van J. and Johnson, Keith A. and Dutta, Joyita},
  journal   = {NeuroImage},
  title     = {Longitudinal predictive modeling of tau progression along the structural connectome},
  year      = {2021},
  issn      = {1053-8119},
  month     = aug,
  pages     = {118126},
  volume    = {237},
  doi       = {10.1016/j.neuroimage.2021.118126},
  publisher = {Elsevier BV},
}

@Article{Makaroff2023,
  author    = {Makaroff, Sergey N and Nguyen, Hieu and Meng, Qinglei and Lu, Hanbing and Nummenmaa, Aapo R and Deng, Zhi-De},
  journal   = {Journal of Neural Engineering},
  title     = {Modeling transcranial magnetic stimulation coil with magnetic cores},
  year      = {2023},
  issn      = {1741-2552},
  month     = jan,
  number    = {1},
  pages     = {016028},
  volume    = {20},
  doi       = {10.1088/1741-2552/acae0d},
  publisher = {IOP Publishing},
}

@Article{Ran2022,
  author    = {Ran, Xingchen and Chen, Weidong and Yvert, Blaise and Zhang, Shaomin},
  journal   = {Computers in Biology and Medicine},
  title     = {A hybrid autoencoder framework of dimensionality reduction for brain-computer interface decoding},
  year      = {2022},
  issn      = {0010-4825},
  month     = sep,
  pages     = {105871},
  volume    = {148},
  doi       = {10.1016/j.compbiomed.2022.105871},
  publisher = {Elsevier BV},
}

@Article{Majkowski2016,
  author    = {Majkowski, Andrzej and Oskwarek, Łukasz and Kołodziej, Marcin and Rak, Remigiusz J.},
  journal   = {Biocybernetics and Biomedical Engineering},
  title     = {An attempt to localize brain electrical activity sources using EEG with limited number of electrodes},
  year      = {2016},
  issn      = {0208-5216},
  number    = {4},
  pages     = {686--696},
  volume    = {36},
  doi       = {10.1016/j.bbe.2016.07.002},
  publisher = {Elsevier BV},
}

@Article{Ge2022,
  author    = {Ge, Xinlei and Lin, Aijing},
  journal   = {SSRN Electronic Journal},
  title     = {Symbolic Convergent Cross Mapping Based on Permutation Mutual Information},
  year      = {2022},
  issn      = {1556-5068},
  comment   = {CCM},
  doi       = {10.2139/ssrn.4250845},
  publisher = {Elsevier BV},
}

@Article{Munch2022,
  author    = {Munch, Stephan B. and Rogers, Tanya L. and Sugihara, George},
  journal   = {Methods in Ecology and Evolution},
  title     = {Recent developments in empirical dynamic modelling},
  year      = {2022},
  issn      = {2041-210X},
  month     = oct,
  number    = {3},
  pages     = {732--745},
  volume    = {14},
  comment   = {CCM},
  doi       = {10.1111/2041-210x.13983},
  publisher = {Wiley},
}

@Article{Sugihara2012,
  author    = {Sugihara, George and May, Robert and Ye, Hao and Hsieh, Chih-hao and Deyle, Ethan and Fogarty, Michael and Munch, Stephan},
  journal   = {Science},
  title     = {Detecting Causality in Complex Ecosystems},
  year      = {2012},
  issn      = {1095-9203},
  month     = oct,
  number    = {6106},
  pages     = {496--500},
  volume    = {338},
  doi       = {10.1126/science.1227079},
  publisher = {American Association for the Advancement of Science (AAAS)},
}

@Article{Ye2016,
  author    = {Ye, Hao and Sugihara, George},
  journal   = {Science},
  title     = {Information leverage in interconnected ecosystems: Overcoming the curse of dimensionality},
  year      = {2016},
  issn      = {1095-9203},
  month     = aug,
  number    = {6302},
  pages     = {922--925},
  volume    = {353},
  doi       = {10.1126/science.aag0863},
  publisher = {American Association for the Advancement of Science (AAAS)},
}

@InProceedings{Feng2020,
  author    = {Feng, Guanchao and Quirk, J. Gerald and Djuric, Petar M.},
  booktitle = {ICASSP 2020 - 2020 IEEE International Conference on Acoustics, Speech and Signal Processing (ICASSP)},
  title     = {Discovering Causalities from Cardiotocography Signals using Improved Convergent Cross Mapping with Gaussian Processes},
  year      = {2020},
  month     = may,
  publisher = {IEEE},
  doi       = {10.1109/icassp40776.2020.9053462},
}

@Article{Berezutskaya2022,
  author    = {Berezutskaya, Julia and Vansteensel, Mariska J. and Aarnoutse, Erik J. and Freudenburg, Zachary V. and Piantoni, Giovanni and Branco, Mariana P. and Ramsey, Nick F.},
  journal   = {Scientific Data},
  title     = {Open multimodal iEEG-fMRI dataset from naturalistic stimulation with a short audiovisual film},
  year      = {2022},
  issn      = {2052-4463},
  month     = mar,
  number    = {1},
  volume    = {9},
  doi       = {10.1038/s41597-022-01173-0},
  publisher = {Springer Science and Business Media LLC},
}

@Article{Musk2019,
  author    = {Musk, Elon},
  title     = {An integrated brain-machine interface platform with thousands of channels},
  year      = {2019},
  month     = jul,
  doi       = {10.1101/703801},
  publisher = {Cold Spring Harbor Laboratory},
}

@Comment{jabref-meta: databaseType:bibtex;}
